<?xml version="1.0" encoding="UTF-8"?><record xmlns="http://www.loc.gov/MARC21/slim" xmlns:cinclude="http://apache.org/cocoon/include/1.0" xmlns:zs="http://www.loc.gov/zing/srw/">
  <leader>00415nz  a2200133n  4500</leader>
  <controlfield tag="001">no2011106286</controlfield>
  <controlfield tag="003">DLC</controlfield>
  <controlfield tag="005">20110714075258.0</controlfield>
  <controlfield tag="008">110712n| acannaabn          |n aaa     c</controlfield>
  <datafield tag="010" ind1=" " ind2=" ">
    <subfield code="a">no2011106286</subfield>
  </datafield>
  <datafield tag="035" ind1=" " ind2=" ">
    <subfield code="a">(OCoLC)oca08910599</subfield>
  </datafield>
  <datafield tag="040" ind1=" " ind2=" ">
    <subfield code="a">OClU</subfield>
    <subfield code="b">eng</subfield>
    <subfield code="c">OClU</subfield>
  </datafield>
  <datafield tag="100" ind1="1" ind2=" ">
    <subfield code="a">Simon, Jonathan M.</subfield>
  </datafield>
  <datafield tag="670" ind1=" " ind2=" ">
    <subfield code="a">The convergence of media, candidate, and public agendas as predictors of voter choice, 2011:</subfield>
    <subfield code="b">t.p. (Jonathan M. Simon)</subfield>
  </datafield>
</record>